<?xml version="1.0" encoding="UTF-8"?><collection xmlns="http://www.loc.gov/MARC21/slim"><record><leader>00370nam--2200109-i-4500</leader><controlfield tag="001">000047094</controlfield><controlfield tag="002">20161230</controlfield><controlfield tag="005">20161230201046</controlfield><controlfield tag="008">060222s1000------------r-----000-0-eng-d</controlfield><datafield ind1=" " ind2=" " tag="245"><subfield code="a">Weg, zoel und grenzen der streptomycintherapie. mit 87 abbildungen und 1 farbtafel</subfield></datafield><datafield ind1=" " ind2=" " tag="260"><subfield code="a">Berlin, Walter Gruyter, 1953, Viii+287p.Cu Fig.+1f.Pl</subfield></datafield><datafield ind1=" " ind2=" " tag="490"><subfield code="a">Aktuelle Fragen Der Inneren Medizin</subfield></datafield></record></collection>